<?xml version="1.0" encoding="UTF-8"?><collection xmlns="http://www.loc.gov/MARC21/slim"><record><leader>00354nam--2200121-i-4500</leader><controlfield tag="001">000039271</controlfield><controlfield tag="002">20161230</controlfield><controlfield tag="005">20161230201042</controlfield><controlfield tag="008">060222s1000------------r-----000-0-eng-d</controlfield><datafield ind1=" " ind2=" " tag="245"><subfield code="a">Rca`s top-of-the-line.semiconductor replacement types.sk series/top of the line/</subfield></datafield><datafield ind1=" " ind2=" " tag="260"><subfield code="a">Harrison, N.J.R.C.A. Corporation, 1970. 55p</subfield></datafield><datafield ind1=" " ind2=" " tag="490"><subfield code="a">P Spg 202 K</subfield></datafield><datafield ind1=" " ind2=" " tag="852"><subfield code="a">017</subfield></datafield></record></collection>